<?xml version="1.0" encoding="UTF-8"?><collection xmlns="http://www.loc.gov/MARC21/slim"><record><leader>00398nam--2200133-i-4500</leader><controlfield tag="001">000007539</controlfield><controlfield tag="002">20161230</controlfield><controlfield tag="005">20161230201027</controlfield><controlfield tag="008">060222s1000------------r-----000-0-eng-d</controlfield><datafield ind1=" " ind2=" " tag="245"><subfield code="a">Low temperature physics lt 9.proceedings.....</subfield></datafield><datafield ind1=" " ind2=" " tag="260"><subfield code="a">New York, Plenum Press, 1965. Xix + /623-1255/ P</subfield></datafield><datafield ind1=" " ind2=" " tag="490"><subfield code="a">Proceedings...</subfield></datafield><datafield ind1=" " ind2=" " tag="700"><subfield code="a">Daunt, J.G., Edwards, D.O., Milford, F.J., Yaq Ub, M</subfield></datafield><datafield ind1=" " ind2=" " tag="852"><subfield code="a">22964</subfield></datafield></record></collection>